../10_research/bibliography/main.bib